@article{kaloudi2020ai,
  title={The ai-based cyber threat landscape: A survey},
  author={Kaloudi, Nektaria and Li, Jingyue},
  journal={ACM Computing Surveys (CSUR)},
  volume={53},
  number={1},
  pages={1--34},
  year={2020},
  publisher={ACM New York, NY, USA}
}